<?xml version="1.0" encoding="UTF-8"?>
<record xmlns="http://www.loc.gov/MARC21/slim" xmlns:xsi="http://www.w3.org/2001/XMLSchema-instance" xsi:schemaLocation="http://www.loc.gov/MARC21/slim http://www.loc.gov/standards/marcxml/schema/MARC21slim.xsd">
<leader>     nam a2200241 a 4500</leader>
<controlfield tag="001">001696980</controlfield>
<controlfield tag="003">NNU</controlfield>
<controlfield tag="005">20061010171138.0</controlfield>
<controlfield tag="008">010125s1928    ua            000 0 ara d</controlfield>
<datafield tag="035" ind1="9" ind2=" ">
<subfield code="a">NYUb12244019</subfield>
</datafield>
<datafield tag="035" ind1=" " ind2=" ">
<subfield code="a">(CStRLIN)NYUG01-B484</subfield>
</datafield>
<datafield tag="040" ind1=" " ind2=" ">
<subfield code="a">NNU</subfield>
<subfield code="c">NNU</subfield>
</datafield>
<datafield tag="050" ind1=" " ind2="4">
<subfield code="a">DT12</subfield>
<subfield code="b">.K3</subfield>
</datafield>
<datafield tag="066" ind1=" " ind2=" ">
<subfield code="c">(3</subfield>
</datafield>
<datafield tag="090" ind1=" " ind2=" ">
<subfield code="a">DT12</subfield>
<subfield code="b">.K3</subfield>
</datafield>
<datafield tag="100" ind1="1" ind2=" ">
<subfield code="a">Kamāl, Yūsuf</subfield>
<subfield code="6">880-01</subfield>
</datafield>
<datafield tag="245" ind1="1" ind2="0">
<subfield code="6">880-02</subfield>
<subfield code="a">Bi-al-safīnah Nāzparwar ḥawla al-Qārrah al-Ifrīqīyah /</subfield>
<subfield code="c">bi-qalam Yūsuf Kamāl.</subfield>
</datafield>
<datafield tag="260" ind1=" " ind2=" ">
<subfield code="6">880-03</subfield>
<subfield code="a">al-Qāhirah :</subfield>
<subfield code="b">Matba'at Dār al-Kutub al-Miṣrīyah,</subfield>
<subfield code="c">1928.</subfield>
</datafield>
<datafield tag="300" ind1=" " ind2=" ">
<subfield code="a">2v.in 1(424p.)</subfield>
</datafield>
<datafield tag="651" ind1=" " ind2="0">
<subfield code="a">Africa</subfield>
<subfield code="x">Description and travel.</subfield>
</datafield>
<datafield tag="880" ind1="1" ind2=" ">
<subfield code="6">100-01/</subfield>
<subfield code="a">كمال، يوسف.</subfield>
</datafield>
<datafield tag="880" ind1="1" ind2="0">
<subfield code="6">245-02/</subfield>
<subfield code="a">بالسفينة نازبرور حول القارة الافريقية /</subfield>
<subfield code="c">بقلم يوسف كمال.</subfield>
</datafield>
<datafield tag="880" ind1=" " ind2=" ">
<subfield code="6">260-03/</subfield>
<subfield code="a">القاهره :</subfield>
<subfield code="b">مطبعة دار الكتب المصرية،</subfield>
<subfield code="c">١٩٢٨.</subfield>
</datafield>
<datafield tag="OWN" ind1=" " ind2=" ">
<subfield code="a">GENERAL</subfield>
</datafield>
<datafield tag="998" ind1=" " ind2=" ">
<subfield code="a">20010125</subfield>
<subfield code="d">20010125</subfield>
<subfield code="d">20010125</subfield>
<subfield code="n">NNU</subfield>
<subfield code="s">1</subfield>
<subfield code="t">c</subfield>
<subfield code="z">p</subfield>
</datafield>
<datafield tag="AVA" ind1=" " ind2=" ">
<subfield code="a">NYU50</subfield>
<subfield code="b">BOBST</subfield>
<subfield code="c">Main Collection</subfield>
<subfield code="d">DT12 .K3</subfield>
<subfield code="e">unavailable</subfield>
<subfield code="t">Unavailable</subfield>
<subfield code="f">1</subfield>
<subfield code="g">1</subfield>
<subfield code="h">Y</subfield>
<subfield code="i">0</subfield>
<subfield code="j">MAIN</subfield>
<subfield code="k">0</subfield>
</datafield>
</record>
